%% This BibTeX bibliography file was created using BibDesk.
%% http://bibdesk.sourceforge.net/


%% Created for David Kaltschmidt at 2011-11-08 10:57:00 +0100 


%% Saved with string encoding Unicode (UTF-8) 



@electronic{ars201110alac,
	Author = {Ars Technica},
	Date-Added = {2011-11-08 09:55:43 +0000},
	Date-Modified = {2011-11-08 09:56:50 +0000},
	Keywords = {innovation},
	Title = {After seven years, Apple open sources its Apple Lossless Audio Codec},
	Url = {http://arstechnica.com/apple/news/2011/10/after-seven-years-apple-open-sources-its-apple-lossless-audio-codec.ars},
	Urldate = {2011-11-08}}

@book{schumpeter1939business,
	Author = {Schumpeter, J.A.},
	Date-Added = {2011-11-03 11:05:37 +0000},
	Date-Modified = {2011-11-03 11:11:34 +0000},
	Keywords = {innovation},
	Publisher = {Cambridge Univ Press},
	Title = {Business cycles},
	Volume = {100},
	Year = {1939},
	Bdsk-File-1 = {YnBsaXN0MDDUAQIDBAUIJidUJHRvcFgkb2JqZWN0c1gkdmVyc2lvblkkYXJjaGl2ZXLRBgdUcm9vdIABqAkKFRYXGyIjVSRudWxs0wsMDQ4RFFpOUy5vYmplY3RzV05TLmtleXNWJGNsYXNzog8QgASABqISE4ACgAOAB1lhbGlhc0RhdGFccmVsYXRpdmVQYXRo0hgNGRpXTlMuZGF0YU8RAhAAAAAAAhAAAgAABktlbm9iaQAAAAAAAAAAAAAAAAAAAAAAAAAAAMjDRddIKwAAAbG8JB5zY2h1bXBldGVyX2J1c2luZXNzX2N5Y2xlcy5wZGYAAAAAAAAAAAAAAAAAAAAAAAAAAAAAAAAAAAAAAAAAAAABuzAkythTuAAAAAAAAAAAAAEAAgAACSAAAAAAAAAAAAAAAAAAAAAeZmxvc3NpbmctcHJvcHJpZXRhcnktY29kZS10YWxrABAACAAAyMMptwAAABEACAAAythFqAAAAAEAFAGxvCQBN7HMATcjagE3GQIAAJZCAAIAZEtlbm9iaTpVc2VyczoAZGF2aWQ6AERvY3VtZW50czoAc3d0MjoAZmxvc3NpbmctcHJvcHJpZXRhcnktY29kZS10YWxrOgBzY2h1bXBldGVyX2J1c2luZXNzX2N5Y2xlcy5wZGYADgA+AB4AcwBjAGgAdQBtAHAAZQB0AGUAcgBfAGIAdQBzAGkAbgBlAHMAcwBfAGMAeQBjAGwAZQBzAC4AcABkAGYADwAOAAYASwBlAG4AbwBiAGkAEgBYVXNlcnMvZGF2aWQvRG9jdW1lbnRzL3N3dDIvZmxvc3NpbmctcHJvcHJpZXRhcnktY29kZS10YWxrL3NjaHVtcGV0ZXJfYnVzaW5lc3NfY3ljbGVzLnBkZgATAAEvAAAVAAIADP//AACABdIcHR4fWCRjbGFzc2VzWiRjbGFzc25hbWWjHyAhXU5TTXV0YWJsZURhdGFWTlNEYXRhWE5TT2JqZWN0XxAec2NodW1wZXRlcl9idXNpbmVzc19jeWNsZXMucGRm0hwdJCWiJSFcTlNEaWN0aW9uYXJ5EgABhqBfEA9OU0tleWVkQXJjaGl2ZXIACAARABYAHwAoADIANQA6ADwARQBLAFIAXQBlAGwAbwBxAHMAdgB4AHoAfACGAJMAmACgArQCtgK7AsQCzwLTAuEC6ALxAxIDFwMaAycDLAAAAAAAAAIBAAAAAAAAACgAAAAAAAAAAAAAAAAAAAM+}}

@article{von2009open,
	Author = {Von Hippel, E. and Von Krogh, G.},
	Date-Added = {2011-11-03 10:59:19 +0000},
	Date-Modified = {2011-11-03 11:00:55 +0000},
	Journal = {MIT Sloan Research Paper No. 4739-09},
	Keywords = {innovation},
	Title = {Open source software and the'private-collective'innovation model: Issues for organization science},
	Year = {2009},
	Bdsk-File-1 = {YnBsaXN0MDDUAQIDBAUIJidUJHRvcFgkb2JqZWN0c1gkdmVyc2lvblkkYXJjaGl2ZXLRBgdUcm9vdIABqAkKFRYXGyIjVSRudWxs0wsMDQ4RFFpOUy5vYmplY3RzV05TLmtleXNWJGNsYXNzog8QgASABqISE4ACgAOAB1lhbGlhc0RhdGFccmVsYXRpdmVQYXRo0hgNGRpXTlMuZGF0YU8RAeAAAAAAAeAAAgAABktlbm9iaQAAAAAAAAAAAAAAAAAAAAAAAAAAAMjDRddIKwAAAbG8JBJTU1JOLWlkMTQxMDc4OS5wZGYAAAAAAAAAAAAAAAAAAAAAAAAAAAAAAAAAAAAAAAAAAAAAAAAAAAAAAAAAAAABuy2pytgv5AAAAAAAAAAAAAEAAgAACSAAAAAAAAAAAAAAAAAAAAAeZmxvc3NpbmctcHJvcHJpZXRhcnktY29kZS10YWxrABAACAAAyMMptwAAABEACAAAytgh1AAAAAEAFAGxvCQBN7HMATcjagE3GQIAAJZCAAIAWEtlbm9iaTpVc2VyczoAZGF2aWQ6AERvY3VtZW50czoAc3d0MjoAZmxvc3NpbmctcHJvcHJpZXRhcnktY29kZS10YWxrOgBTU1JOLWlkMTQxMDc4OS5wZGYADgAmABIAUwBTAFIATgAtAGkAZAAxADQAMQAwADcAOAA5AC4AcABkAGYADwAOAAYASwBlAG4AbwBiAGkAEgBMVXNlcnMvZGF2aWQvRG9jdW1lbnRzL3N3dDIvZmxvc3NpbmctcHJvcHJpZXRhcnktY29kZS10YWxrL1NTUk4taWQxNDEwNzg5LnBkZgATAAEvAAAVAAIADP//AACABdIcHR4fWCRjbGFzc2VzWiRjbGFzc25hbWWjHyAhXU5TTXV0YWJsZURhdGFWTlNEYXRhWE5TT2JqZWN0XxASU1NSTi1pZDE0MTA3ODkucGRm0hwdJCWiJSFcTlNEaWN0aW9uYXJ5EgABhqBfEA9OU0tleWVkQXJjaGl2ZXIACAARABYAHwAoADIANQA6ADwARQBLAFIAXQBlAGwAbwBxAHMAdgB4AHoAfACGAJMAmACgAoQChgKLApQCnwKjArECuALBAtYC2wLeAusC8AAAAAAAAAIBAAAAAAAAACgAAAAAAAAAAAAAAAAAAAMC}}

@article{takhteyevinvestigating,
	Author = {Takhteyev, Y. and Hilts, A.},
	Date-Added = {2011-10-31 09:44:20 +0000},
	Date-Modified = {2011-10-31 16:17:23 +0000},
	Keywords = {social},
	Rating = {5},
	Read = {1},
	Title = {Investigating the Geography of Open Source Software through Github},
	Bdsk-File-1 = {YnBsaXN0MDDUAQIDBAUIJidUJHRvcFgkb2JqZWN0c1gkdmVyc2lvblkkYXJjaGl2ZXLRBgdUcm9vdIABqAkKFRYXGyIjVSRudWxs0wsMDQ4RFFpOUy5vYmplY3RzV05TLmtleXNWJGNsYXNzog8QgASABqISE4ACgAOAB1lhbGlhc0RhdGFccmVsYXRpdmVQYXRo0hgNGRpXTlMuZGF0YU8RAfgAAAAAAfgAAgAABktlbm9iaQAAAAAAAAAAAAAAAAAAAAAAAAAAAMjDRddIKwAAAbG8JBhUYWtodGV5ZXYtSGlsdHMtMjAxMC5wZGYAAAAAAAAAAAAAAAAAAAAAAAAAAAAAAAAAAAAAAAAAAAAAAAAAAAABsXbtytHM3wAAAAAAAAAAAAEAAgAACSAAAAAAAAAAAAAAAAAAAAAeZmxvc3NpbmctcHJvcHJpZXRhcnktY29kZS10YWxrABAACAAAyMMptwAAABEACAAAytGwvwAAAAEAFAGxvCQBN7HMATcjagE3GQIAAJZCAAIAXktlbm9iaTpVc2VyczoAZGF2aWQ6AERvY3VtZW50czoAc3d0MjoAZmxvc3NpbmctcHJvcHJpZXRhcnktY29kZS10YWxrOgBUYWtodGV5ZXYtSGlsdHMtMjAxMC5wZGYADgAyABgAVABhAGsAaAB0AGUAeQBlAHYALQBIAGkAbAB0AHMALQAyADAAMQAwAC4AcABkAGYADwAOAAYASwBlAG4AbwBiAGkAEgBSVXNlcnMvZGF2aWQvRG9jdW1lbnRzL3N3dDIvZmxvc3NpbmctcHJvcHJpZXRhcnktY29kZS10YWxrL1Rha2h0ZXlldi1IaWx0cy0yMDEwLnBkZgATAAEvAAAVAAIADP//AACABdIcHR4fWCRjbGFzc2VzWiRjbGFzc25hbWWjHyAhXU5TTXV0YWJsZURhdGFWTlNEYXRhWE5TT2JqZWN0XxAYVGFraHRleWV2LUhpbHRzLTIwMTAucGRm0hwdJCWiJSFcTlNEaWN0aW9uYXJ5EgABhqBfEA9OU0tleWVkQXJjaGl2ZXIACAARABYAHwAoADIANQA6ADwARQBLAFIAXQBlAGwAbwBxAHMAdgB4AHoAfACGAJMAmACgApwCngKjAqwCtwK7AskC0ALZAvQC+QL8AwkDDgAAAAAAAAIBAAAAAAAAACgAAAAAAAAAAAAAAAAAAAMg}}

@article{henkel2009champions,
	Author = {Henkel, J.},
	Date-Added = {2011-10-31 09:40:53 +0000},
	Date-Modified = {2011-11-03 11:00:55 +0000},
	Journal = {Industrial and Corporate Change},
	Keywords = {innovation},
	Number = {3},
	Pages = {435},
	Publisher = {Oxford Univ Press},
	Title = {Champions of revealing -- The role of open source developers in commercial firms},
	Volume = {18},
	Year = {2009},
	Bdsk-File-1 = {YnBsaXN0MDDUAQIDBAUIJidUJHRvcFgkb2JqZWN0c1gkdmVyc2lvblkkYXJjaGl2ZXLRBgdUcm9vdIABqAkKFRYXGyIjVSRudWxs0wsMDQ4RFFpOUy5vYmplY3RzV05TLmtleXNWJGNsYXNzog8QgASABqISE4ACgAOAB1lhbGlhc0RhdGFccmVsYXRpdmVQYXRo0hgNGRpXTlMuZGF0YU8RAgAAAAAAAgAAAgAABktlbm9iaQAAAAAAAAAAAAAAAAAAAAAAAAAAAMjDRddIKwAAAbG8JBpJQ0MtMjAwOS1IZW5rZWwtNDM1LTcxLnBkZgAAAAAAAAAAAAAAAAAAAAAAAAAAAAAAAAAAAAAAAAAAAAAAAAABuyE+ytc5O1BERiBDQVJPAAEAAgAACSAAAAAAAAAAAAAAAAAAAAAeZmxvc3NpbmctcHJvcHJpZXRhcnktY29kZS10YWxrABAACAAAyMMptwAAABEACAAAytcrKwAAAAEAFAGxvCQBN7HMATcjagE3GQIAAJZCAAIAYEtlbm9iaTpVc2VyczoAZGF2aWQ6AERvY3VtZW50czoAc3d0MjoAZmxvc3NpbmctcHJvcHJpZXRhcnktY29kZS10YWxrOgBJQ0MtMjAwOS1IZW5rZWwtNDM1LTcxLnBkZgAOADYAGgBJAEMAQwAtADIAMAAwADkALQBIAGUAbgBrAGUAbAAtADQAMwA1AC0ANwAxAC4AcABkAGYADwAOAAYASwBlAG4AbwBiAGkAEgBUVXNlcnMvZGF2aWQvRG9jdW1lbnRzL3N3dDIvZmxvc3NpbmctcHJvcHJpZXRhcnktY29kZS10YWxrL0lDQy0yMDA5LUhlbmtlbC00MzUtNzEucGRmABMAAS8AABUAAgAM//8AAIAF0hwdHh9YJGNsYXNzZXNaJGNsYXNzbmFtZaMfICFdTlNNdXRhYmxlRGF0YVZOU0RhdGFYTlNPYmplY3RfEBpJQ0MtMjAwOS1IZW5rZWwtNDM1LTcxLnBkZtIcHSQloiUhXE5TRGljdGlvbmFyeRIAAYagXxAPTlNLZXllZEFyY2hpdmVyAAgAEQAWAB8AKAAyADUAOgA8AEUASwBSAF0AZQBsAG8AcQBzAHYAeAB6AHwAhgCTAJgAoAKkAqYCqwK0Ar8CwwLRAtgC4QL+AwMDBgMTAxgAAAAAAAACAQAAAAAAAAAoAAAAAAAAAAAAAAAAAAADKg==}}

@article{dabbish2012social,
	Annote = {interviewed developers to research value of transparency, 
social inferences from network information, 
identifying user needs (watching forks), 
indicators of project quality (number of forks, commits), 
developer recruitment, 
learning from others, 
being onstage: concern to get things right},
	Author = {Dabbish, L. and Stuart, C. and Tsay, J. and Herbsleb, J.},
	Date-Added = {2011-10-31 09:29:48 +0000},
	Date-Modified = {2011-10-31 16:17:33 +0000},
	Keywords = {social},
	Rating = {5},
	Read = {1},
	Title = {Social Coding in GitHub: Transparency and Collaboration in an Open Software Repository},
	Year = {2012},
	Bdsk-File-1 = {YnBsaXN0MDDUAQIDBAUIJidUJHRvcFgkb2JqZWN0c1gkdmVyc2lvblkkYXJjaGl2ZXLRBgdUcm9vdIABqAkKFRYXGyIjVSRudWxs0wsMDQ4RFFpOUy5vYmplY3RzV05TLmtleXNWJGNsYXNzog8QgASABqISE4ACgAOAB1lhbGlhc0RhdGFccmVsYXRpdmVQYXRo0hgNGRpXTlMuZGF0YU8RAfYAAAAAAfYAAgAABktlbm9iaQAAAAAAAAAAAAAAAAAAAAAAAAAAAMjDRddIKwAAAbG8JBdkYWJiaXNoLXNvY2lhbC0yMDEyLnBkZgAAAAAAAAAAAAAAAAAAAAAAAAAAAAAAAAAAAAAAAAAAAAAAAAAAAAABsby3ytQpwAAAAAAAAAAAAAEAAgAACSAAAAAAAAAAAAAAAAAAAAAeZmxvc3NpbmctcHJvcHJpZXRhcnktY29kZS10YWxrABAACAAAyMMptwAAABEACAAAytQbsAAAAAEAFAGxvCQBN7HMATcjagE3GQIAAJZCAAIAXUtlbm9iaTpVc2VyczoAZGF2aWQ6AERvY3VtZW50czoAc3d0MjoAZmxvc3NpbmctcHJvcHJpZXRhcnktY29kZS10YWxrOgBkYWJiaXNoLXNvY2lhbC0yMDEyLnBkZgAADgAwABcAZABhAGIAYgBpAHMAaAAtAHMAbwBjAGkAYQBsAC0AMgAwADEAMgAuAHAAZABmAA8ADgAGAEsAZQBuAG8AYgBpABIAUVVzZXJzL2RhdmlkL0RvY3VtZW50cy9zd3QyL2Zsb3NzaW5nLXByb3ByaWV0YXJ5LWNvZGUtdGFsay9kYWJiaXNoLXNvY2lhbC0yMDEyLnBkZgAAEwABLwAAFQACAAz//wAAgAXSHB0eH1gkY2xhc3Nlc1okY2xhc3NuYW1lox8gIV1OU011dGFibGVEYXRhVk5TRGF0YVhOU09iamVjdF8QF2RhYmJpc2gtc29jaWFsLTIwMTIucGRm0hwdJCWiJSFcTlNEaWN0aW9uYXJ5EgABhqBfEA9OU0tleWVkQXJjaGl2ZXIACAARABYAHwAoADIANQA6ADwARQBLAFIAXQBlAGwAbwBxAHMAdgB4AHoAfACGAJMAmACgApoCnAKhAqoCtQK5AscCzgLXAvEC9gL5AwYDCwAAAAAAAAIBAAAAAAAAACgAAAAAAAAAAAAAAAAAAAMd}}

@inproceedings{storey2010impact,
	Annote = {Software development is a highly creative human endeavour,
where developers create and maintain software systems by
standing on the shoulders of many others. They reuse components
and libraries...},
	Author = {Storey, M.A. and Treude, C. and van Deursen, A. and Cheng, L.T.},
	Booktitle = {Proceedings of the FSE/SDP workshop on Future of software engineering research},
	Date-Added = {2011-10-31 09:29:47 +0000},
	Date-Modified = {2011-11-02 09:12:48 +0000},
	Keywords = {quality},
	Organization = {ACM},
	Pages = {359--364},
	Rating = {3},
	Read = {1},
	Title = {The impact of social media on software engineering practices and tools},
	Year = {2010},
	Bdsk-File-1 = {YnBsaXN0MDDUAQIDBAUIJidUJHRvcFgkb2JqZWN0c1gkdmVyc2lvblkkYXJjaGl2ZXLRBgdUcm9vdIABqAkKFRYXGyIjVSRudWxs0wsMDQ4RFFpOUy5vYmplY3RzV05TLmtleXNWJGNsYXNzog8QgASABqISE4ACgAOAB1lhbGlhc0RhdGFccmVsYXRpdmVQYXRo0hgNGRpXTlMuZGF0YU8RAe4AAAAAAe4AAgAABktlbm9iaQAAAAAAAAAAAAAAAAAAAAAAAAAAAMjDRddIKwAAAbG8JBVUVUQtU0VSRy0yMDEwLTAzOC5wZGYAAAAAAAAAAAAAAAAAAAAAAAAAAAAAAAAAAAAAAAAAAAAAAAAAAAAAAAABuv01ytbH7lBERiBDQVJPAAEAAgAACSAAAAAAAAAAAAAAAAAAAAAeZmxvc3NpbmctcHJvcHJpZXRhcnktY29kZS10YWxrABAACAAAyMMptwAAABEACAAAyta53gAAAAEAFAGxvCQBN7HMATcjagE3GQIAAJZCAAIAW0tlbm9iaTpVc2VyczoAZGF2aWQ6AERvY3VtZW50czoAc3d0MjoAZmxvc3NpbmctcHJvcHJpZXRhcnktY29kZS10YWxrOgBUVUQtU0VSRy0yMDEwLTAzOC5wZGYAAA4ALAAVAFQAVQBEAC0AUwBFAFIARwAtADIAMAAxADAALQAwADMAOAAuAHAAZABmAA8ADgAGAEsAZQBuAG8AYgBpABIAT1VzZXJzL2RhdmlkL0RvY3VtZW50cy9zd3QyL2Zsb3NzaW5nLXByb3ByaWV0YXJ5LWNvZGUtdGFsay9UVUQtU0VSRy0yMDEwLTAzOC5wZGYAABMAAS8AABUAAgAM//8AAIAF0hwdHh9YJGNsYXNzZXNaJGNsYXNzbmFtZaMfICFdTlNNdXRhYmxlRGF0YVZOU0RhdGFYTlNPYmplY3RfEBVUVUQtU0VSRy0yMDEwLTAzOC5wZGbSHB0kJaIlIVxOU0RpY3Rpb25hcnkSAAGGoF8QD05TS2V5ZWRBcmNoaXZlcgAIABEAFgAfACgAMgA1ADoAPABFAEsAUgBdAGUAbABvAHEAcwB2AHgAegB8AIYAkwCYAKACkgKUApkCogKtArECvwLGAs8C5wLsAu8C/AMBAAAAAAAAAgEAAAAAAAAAKAAAAAAAAAAAAAAAAAAAAxM=}}

@inproceedings{begel2010social,
	Author = {Begel, A. and DeLine, R. and Zimmermann, T.},
	Booktitle = {Proceedings of the FSE/SDP workshop on Future of software engineering research},
	Date-Added = {2011-10-31 09:29:18 +0000},
	Date-Modified = {2011-10-31 16:16:48 +0000},
	Keywords = {irrelevant},
	Organization = {ACM},
	Pages = {33--38},
	Rating = {2},
	Read = {1},
	Title = {Social media for software engineering},
	Year = {2010},
	Bdsk-File-1 = {YnBsaXN0MDDUAQIDBAUIJidUJHRvcFgkb2JqZWN0c1gkdmVyc2lvblkkYXJjaGl2ZXLRBgdUcm9vdIABqAkKFRYXGyIjVSRudWxs0wsMDQ4RFFpOUy5vYmplY3RzV05TLmtleXNWJGNsYXNzog8QgASABqISE4ACgAOAB1lhbGlhc0RhdGFccmVsYXRpdmVQYXRo0hgNGRpXTlMuZGF0YU8RAegAAAAAAegAAgAABktlbm9iaQAAAAAAAAAAAAAAAAAAAAAAAAAAAMjDRddIKwAAAbG8JBRiZWdlbC1mb3Nlci0yMDEwLnBkZgAAAAAAAAAAAAAAAAAAAAAAAAAAAAAAAAAAAAAAAAAAAAAAAAAAAAAAAAABsbzSytQqAAAAAAAAAAAAAAEAAgAACSAAAAAAAAAAAAAAAAAAAAAeZmxvc3NpbmctcHJvcHJpZXRhcnktY29kZS10YWxrABAACAAAyMMptwAAABEACAAAytQb8AAAAAEAFAGxvCQBN7HMATcjagE3GQIAAJZCAAIAWktlbm9iaTpVc2VyczoAZGF2aWQ6AERvY3VtZW50czoAc3d0MjoAZmxvc3NpbmctcHJvcHJpZXRhcnktY29kZS10YWxrOgBiZWdlbC1mb3Nlci0yMDEwLnBkZgAOACoAFABiAGUAZwBlAGwALQBmAG8AcwBlAHIALQAyADAAMQAwAC4AcABkAGYADwAOAAYASwBlAG4AbwBiAGkAEgBOVXNlcnMvZGF2aWQvRG9jdW1lbnRzL3N3dDIvZmxvc3NpbmctcHJvcHJpZXRhcnktY29kZS10YWxrL2JlZ2VsLWZvc2VyLTIwMTAucGRmABMAAS8AABUAAgAM//8AAIAF0hwdHh9YJGNsYXNzZXNaJGNsYXNzbmFtZaMfICFdTlNNdXRhYmxlRGF0YVZOU0RhdGFYTlNPYmplY3RfEBRiZWdlbC1mb3Nlci0yMDEwLnBkZtIcHSQloiUhXE5TRGljdGlvbmFyeRIAAYagXxAPTlNLZXllZEFyY2hpdmVyAAgAEQAWAB8AKAAyADUAOgA8AEUASwBSAF0AZQBsAG8AcQBzAHYAeAB6AHwAhgCTAJgAoAKMAo4CkwKcAqcCqwK5AsACyQLgAuUC6AL1AvoAAAAAAAACAQAAAAAAAAAoAAAAAAAAAAAAAAAAAAADDA==}}

@article{stuermer2009extending,
	Author = {Stuermer, M. and Spaeth, S. and Von Krogh, G.},
	Date-Added = {2011-10-27 13:41:53 +0000},
	Date-Modified = {2011-11-03 11:00:55 +0000},
	Journal = {R\&D Management},
	Keywords = {innovation},
	Number = {2},
	Pages = {170--191},
	Publisher = {Wiley Online Library},
	Title = {Extending private-collective innovation: a case study},
	Volume = {39},
	Year = {2009},
	Bdsk-File-1 = {YnBsaXN0MDDUAQIDBAUIJidUJHRvcFgkb2JqZWN0c1gkdmVyc2lvblkkYXJjaGl2ZXLRBgdUcm9vdIABqAkKFRYXGyIjVSRudWxs0wsMDQ4RFFpOUy5vYmplY3RzV05TLmtleXNWJGNsYXNzog8QgASABqISE4ACgAOAB1lhbGlhc0RhdGFccmVsYXRpdmVQYXRo0hgNGRpXTlMuZGF0YU8RAggAAAAAAggAAgAABktlbm9iaQAAAAAAAAAAAAAAAAAAAAAAAAAAAMjDRddIKwAAAbG8JBxqLjE0NjctOTMxMC4yMDA5LjAwNTQ4LngucGRmAAAAAAAAAAAAAAAAAAAAAAAAAAAAAAAAAAAAAAAAAAAAAAABrYiMyDgjjwAAAAAAAAAAAAEAAgAACSAAAAAAAAAAAAAAAAAAAAAeZmxvc3NpbmctcHJvcHJpZXRhcnktY29kZS10YWxrABAACAAAyMMptwAAABEACAAAyDgHbwAAAAEAFAGxvCQBN7HMATcjagE3GQIAAJZCAAIAYktlbm9iaTpVc2VyczoAZGF2aWQ6AERvY3VtZW50czoAc3d0MjoAZmxvc3NpbmctcHJvcHJpZXRhcnktY29kZS10YWxrOgBqLjE0NjctOTMxMC4yMDA5LjAwNTQ4LngucGRmAA4AOgAcAGoALgAxADQANgA3AC0AOQAzADEAMAAuADIAMAAwADkALgAwADAANQA0ADgALgB4AC4AcABkAGYADwAOAAYASwBlAG4AbwBiAGkAEgBWVXNlcnMvZGF2aWQvRG9jdW1lbnRzL3N3dDIvZmxvc3NpbmctcHJvcHJpZXRhcnktY29kZS10YWxrL2ouMTQ2Ny05MzEwLjIwMDkuMDA1NDgueC5wZGYAEwABLwAAFQACAAz//wAAgAXSHB0eH1gkY2xhc3Nlc1okY2xhc3NuYW1lox8gIV1OU011dGFibGVEYXRhVk5TRGF0YVhOU09iamVjdF8QHGouMTQ2Ny05MzEwLjIwMDkuMDA1NDgueC5wZGbSHB0kJaIlIVxOU0RpY3Rpb25hcnkSAAGGoF8QD05TS2V5ZWRBcmNoaXZlcgAIABEAFgAfACgAMgA1ADoAPABFAEsAUgBdAGUAbABvAHEAcwB2AHgAegB8AIYAkwCYAKACrAKuArMCvALHAssC2QLgAukDCAMNAxADHQMiAAAAAAAAAgEAAAAAAAAAKAAAAAAAAAAAAAAAAAAAAzQ=}}

@article{lerner2002some,
	Author = {Lerner, J. and Tirole, J.},
	Date-Added = {2011-10-27 13:26:59 +0000},
	Date-Modified = {2011-10-27 13:26:59 +0000},
	Journal = {Journal of Industrial Economics},
	Pages = {197--234},
	Publisher = {JSTOR},
	Title = {Some simple economics of open source},
	Year = {2002},
	Bdsk-File-1 = {YnBsaXN0MDDUAQIDBAUIJidUJHRvcFgkb2JqZWN0c1gkdmVyc2lvblkkYXJjaGl2ZXLRBgdUcm9vdIABqAkKFRYXGyIjVSRudWxs0wsMDQ4RFFpOUy5vYmplY3RzV05TLmtleXNWJGNsYXNzog8QgASABqISE4ACgAOAB1lhbGlhc0RhdGFccmVsYXRpdmVQYXRo0hgNGRpXTlMuZGF0YU8RAcYAAAAAAcYAAgAABktlbm9iaQAAAAAAAAAAAAAAAAAAAAAAAAAAAMjDRddIKwAAAbG8JAszNTY5ODM3LnBkZgAAAAAAAAAAAAAAAAAAAAAAAAAAAAAAAAAAAAAAAAAAAAAAAAAAAAAAAAAAAAAAAAAAAAABrYd5ys8o4gAAAAAAAAAAAAEAAgAACSAAAAAAAAAAAAAAAAAAAAAeZmxvc3NpbmctcHJvcHJpZXRhcnktY29kZS10YWxrABAACAAAyMMptwAAABEACAAAys8MwgAAAAEAFAGxvCQBN7HMATcjagE3GQIAAJZCAAIAUUtlbm9iaTpVc2VyczoAZGF2aWQ6AERvY3VtZW50czoAc3d0MjoAZmxvc3NpbmctcHJvcHJpZXRhcnktY29kZS10YWxrOgAzNTY5ODM3LnBkZgAADgAYAAsAMwA1ADYAOQA4ADMANwAuAHAAZABmAA8ADgAGAEsAZQBuAG8AYgBpABIARVVzZXJzL2RhdmlkL0RvY3VtZW50cy9zd3QyL2Zsb3NzaW5nLXByb3ByaWV0YXJ5LWNvZGUtdGFsay8zNTY5ODM3LnBkZgAAEwABLwAAFQACAAz//wAAgAXSHB0eH1gkY2xhc3Nlc1okY2xhc3NuYW1lox8gIV1OU011dGFibGVEYXRhVk5TRGF0YVhOU09iamVjdFszNTY5ODM3LnBkZtIcHSQloiUhXE5TRGljdGlvbmFyeRIAAYagXxAPTlNLZXllZEFyY2hpdmVyAAgAEQAWAB8AKAAyADUAOgA8AEUASwBSAF0AZQBsAG8AcQBzAHYAeAB6AHwAhgCTAJgAoAJqAmwCcQJ6AoUCiQKXAp4CpwKzArgCuwLIAs0AAAAAAAACAQAAAAAAAAAoAAAAAAAAAAAAAAAAAAAC3w==}}
